<record><leader>00000cas a2200000 a 4500</leader><controlfield tag="001">33413883</controlfield><controlfield tag="008">951102d19151917fludn ne      0    0eng c</controlfield><datafield ind1=" " ind2=" " tag="010"><subfield code="a">sn 95047219 </subfield></datafield><datafield ind1=" " ind2=" " tag="040"><subfield code="a">FUG</subfield><subfield code="b">eng</subfield><subfield code="c">FUG</subfield><subfield code="d">OCLCQ</subfield><subfield code="d">OCLCF</subfield><subfield code="d">OCLCO</subfield></datafield><datafield ind1=" " ind2=" " tag="012"><subfield code="i">9511</subfield></datafield><datafield ind1="1" ind2=" " tag="029"><subfield code="a">AU@</subfield><subfield code="b">000025887246</subfield></datafield><datafield ind1=" " ind2=" " tag="042"><subfield code="a">pcc</subfield></datafield><datafield ind1=" " ind2=" " tag="043"><subfield code="a">n-us-fl</subfield></datafield><datafield ind1="0" ind2=" " tag="130"><subfield code="a">Lakeland morning star (Lakeland, Fla. : 1915)</subfield></datafield><datafield ind1="1" ind2="0" tag="245"><subfield code="a">Lakeland morning star.</subfield></datafield><datafield ind1=" " ind2=" " tag="260"><subfield code="a">Lakeland, Fla. :</subfield><subfield code="b">Lakeland Star Co.,</subfield><subfield code="c">1915-1917.</subfield></datafield><datafield ind1=" " ind2=" " tag="300"><subfield code="a">3 v.</subfield></datafield><datafield ind1=" " ind2=" " tag="310"><subfield code="a">Daily (except Monday)</subfield></datafield><datafield ind1="0" ind2=" " tag="362"><subfield code="a">Vol. 1, no. 1 (May 8, 1915)-v. 3, no. 111 (Oct. 28, 1917).</subfield></datafield><datafield ind1=" " ind2=" " tag="500"><subfield code="a">W.K. Piner, editor.</subfield></datafield><datafield ind1=" " ind2=" " tag="580"><subfield code="a">Weekly ed.: Polk County star, 1916-1917.</subfield></datafield><datafield ind1=" " ind2="0" tag="651"><subfield code="a">Lakeland (Fla.)</subfield><subfield code="v">Newspapers.</subfield></datafield><datafield ind1=" " ind2="0" tag="651"><subfield code="a">Polk County (Fla.)</subfield><subfield code="v">Newspapers.</subfield></datafield><datafield ind1=" " ind2="7" tag="655"><subfield code="a">Newspapers.</subfield><subfield code="2">fast</subfield><subfield code="0">(OCoLC)fst01423814</subfield></datafield><datafield ind1=" " ind2="7" tag="651"><subfield code="a">Florida</subfield><subfield code="z">Lakeland.</subfield><subfield code="2">fast</subfield><subfield code="0">(OCoLC)fst01216466</subfield></datafield><datafield ind1=" " ind2="7" tag="651"><subfield code="a">Florida</subfield><subfield code="z">Polk County.</subfield><subfield code="2">fast</subfield><subfield code="0">(OCoLC)fst01214944</subfield></datafield><datafield ind1=" " ind2=" " tag="752"><subfield code="a">United States</subfield><subfield code="b">Florida</subfield><subfield code="c">Polk</subfield><subfield code="d">Lakeland.</subfield></datafield><datafield ind1="1" ind2=" " tag="775"><subfield code="t">Polk County star</subfield><subfield code="g">1916-1917</subfield><subfield code="w">(DLC)sn 95047218</subfield><subfield code="w">(OCoLC)33413881</subfield></datafield><datafield ind1="0" ind2="0" tag="785"><subfield code="t">Lakeland star</subfield><subfield code="w">(DLC)sn 95047220</subfield><subfield code="w">(OCoLC)33413885</subfield></datafield><datafield ind1=" " ind2=" " tag="850"><subfield code="a">FU</subfield></datafield></record>